
@article{MenaAlonso2023,
	author  = {Mena-Alonso, Álvaro and Latorre-Carmona, Pedro and González, Dorys C. and Díez-Pastor, José F. and Rodríguez, Juan J. and Mínguez, Jesús and Vicente, Miguel A.},
	title   = {A cost-effective stereo camera-based system for measuring crack propagation in fibre-reinforced concrete},
	journal = {Archives of Civil and Mechanical Engineering},
	year    = {2023},
	volume  = {23},
	pages   = {1--12},
	doi     = {10.1007/s43452-023-00723-6}
} :contentReference[oaicite:3]{index=3}


@article{Zhang2024Review,
	author  = {Zhang, J. and Peng, L. and Wen, S. and Huang, S.},
	title   = {A Review on Concrete Structural Properties and Damage Evolution Monitoring Techniques},
	journal = {Sensors},
	year    = {2024},
	volume  = {24},
	number  = {2},
	pages   = {620},
	month   = jan,
	day     = {18},
	doi     = {10.3390/s24020620}
}

@article{Lootens2020Continuous,
	author  = {Lootens, Didier and Schumacher, Marc and Liard, Maxime and Jones, Scott Z. and Bentz, Dale P. and Ricci, Stefano and Meacci, Valentino},
	title   = {Continuous strength measurements of cement pastes and concretes by the ultrasonic wave reflection method},
	journal = {Construction and Building Materials},
	year    = {2020},
	volume  = {242},
	pages   = {117902},
	doi     = {10.1016/j.conbuildmat.2019.117902}
}


@article{Khan2023Image,
	author  = {Khan, M.\,A.-M. and Kee, S.-H. and Pathan, A.-S.\,K. and Nahid, A.-A.},
	title   = {Image Processing Techniques for Concrete Crack Detection: A Scientometrics Literature Review},
	journal = {Remote Sens.},
	year    = {2023},
	volume  = {15},
	number  = {9},
	pages   = {2400},
	doi     = {10.3390/rs15092400}
}

@inproceedings{heyden2001,
	author    = {Heyden, Anders and Pollefeys, Marc},
	title     = {Multiple View Geometry},
	booktitle = {Proc.\ IEEE/CVPR},
	year      = {2001},
	pages     = {45--60},
}

@inproceedings{wen2025foundationstereo,
	title        = {FoundationStereo: Zero-Shot Stereo Matching},
	author       = {Wen, Bowen and Trepte, Matthew and Aribido, Joseph and Kautz, Jan and Gallo, Orazio and Birchfield, Stan},
	booktitle    = {Proceedings of the IEEE/CVF Conference on Computer Vision and Pattern Recognition (CVPR)},
	year         = {2025},
}

@article{jiang2025defomstereo,
	title   = {DEFOM-Stereo: Depth Foundation Model Based Stereo Matching},
	author  = {Hualie Jiang and Zhiqiang Lou and Laiyan Ding and Rui Xu and Minglang Tan and Wenjie Jiang and Rui Huang},
	journal = {arXiv preprint arXiv:2501.09466},
	year    = {2025},
	url     = {https://insta360-research-team.github.io/DEFOM-Stereo},
}

@inproceedings{wang2025vggt,
	title={VGGT: Visual Geometry Grounded Transformer},
	author={Wang, Jianyuan and Chen, Minghao and Karaev, Nikita and Vedaldi, Andrea and Rupprecht, Christian and Novotny, David},
	booktitle={Proceedings of the IEEE/CVF Conference on Computer Vision and Pattern Recognition},
	year={2025}
}

@inproceedings{harris1988combined,
	title     = {A Combined Corner and Edge Detector},
	author    = {Harris, Chris and Stephens, Mike},
	booktitle = {Proceedings of the Alvey Vision Conference},
	year      = {1988},
	pages     = {147--151},
	publisher = {Alvey Vision Club},
	address   = {Manchester, UK}
}

@inproceedings{shi1994good,
	title        = {Good Features to Track},
	author       = {Shi, Jianbo and Tomasi, Carlo},
	booktitle    = {Proceedings of the IEEE Conference on Computer Vision and Pattern Recognition (CVPR)},
	pages        = {593--600},
	year         = {1994},
	publisher    = {IEEE},
}

@inproceedings{rosten2006fast,
	author    = {Edward Rosten and Tom Drummond},
	title     = {Machine learning for high-speed corner detection},
	booktitle = {European Conference on Computer Vision (ECCV)},
	year      = {2006},
	volume    = {1},
	pages     = {430--443},
	publisher = {Springer},
}

@inproceedings{rublee2011orb,
	title     = {ORB: An efficient alternative to SIFT or SURF},
	author    = {Rublee, Ethan and Rabaud, Vincent and Konolige, Kurt and Bradski, Gary},
	booktitle = {Proceedings of the IEEE International Conference on Computer Vision (ICCV)},
	pages     = {2564--2571},
	year      = {2011},
	doi       = {10.1109/ICCV.2011.6126544}
}

@article{detone2018superpoint,
	title     = {SuperPoint: Self-Supervised Interest Point Detection and Description},
	author    = {DeTone, Daniel and Malisiewicz, Tomasz and Rabinovich, Andrew},
	journal   = {arXiv preprint arXiv:1712.07629},
	year      = {2018}
}

@inproceedings{dusmanu2019d2net,
	title     = {D2-Net: A Trainable CNN for Joint Description and Detection of Local Features},
	author    = {Dusmanu, Mihai and Rocco, Ignacio and Pajdla, Tom{\'a}{\v{s}} and Pollefeys, Marc and Sivic, Josef and Torii, Akihiko and Sattler, Torsten},
	booktitle = {Proceedings of the IEEE/CVF Conference on Computer Vision and Pattern Recognition (CVPR)},
	year      = {2019},
	pages     = {8092--8101}
}

@article{revaud2019r2d2,
	title   = {R2D2: Repeatable and Reliable Detector and Descriptor},
	author  = {Revaud, J{\'e}r{\^o}me and Weinzaepfel, Philippe and De Souza, C{\'e}sar and Pion, No{\'e} and Csurka, Gabriela and Cabon, Yohann and Humenberger, Martin},
	journal = {arXiv preprint arXiv:1906.06195},
	year    = {2019}
}

@article{duda1972hough,
	author  = {Duda, Richard O. and Hart, Peter E.},
	title   = {Use of the Hough Transformation to Detect Lines and Curves in Pictures},
	journal = {Communications of the ACM},
	volume  = {15},
	number  = {1},
	pages   = {11--15},
	year    = {1972},
	doi     = {10.1145/361237.361242}
}

@article{stephens1991pht,
	author  = {Stephens, Richard S.},
	title   = {Probabilistic approach to the Hough transform},
	journal = {Image and Vision Computing},
	volume  = {9},
	number  = {1},
	pages   = {66--71},
	year    = {1991},
	doi     = {10.1016/0262-8856(91)90051-P}
}

@article{kiryati1991pht,
	author  = {Kiryati, Nahum and Eldar, Yuval and Bruckstein, Alfred M.},
	title   = {A probabilistic Hough transform},
	journal = {Pattern Recognition},
	volume  = {24},
	number  = {4},
	pages   = {303--316},
	year    = {1991},
	doi     = {10.1016/0031-3203(91)90073-E}
}

@inproceedings{matas2000ppht,
	author    = {Matas, Ji{\v{r}}{\'i} and Galambos, Csaba and Kittler, Josef},
	title     = {Progressive probabilistic Hough transform},
	booktitle = {Proceedings of the British Machine Vision Conference (BMVC)},
	pages     = {256--265},
	year      = {2000},
	publisher = {BMVA Press},
	doi       = {10.5244/C.14.37}
}

@incollection{sobel1973,
	author    = {Irwin Sobel},
	title     = {Camera Models and Machine Perception},
	booktitle = {Proceedings of the Stanford Artificial Intelligence Project},
	year      = {1973},
	publisher = {Stanford University},
	address   = {Stanford, USA},
	pages     = {271--272},
	note      = {Introduced the Sobel operator for edge detection}
}

@techreport{nvidia2022ada,
	title        = {NVIDIA Ada Science: How Ada advances the science of graphics with DLSS 3},
	author       = {{NVIDIA Corporation}},
	year         = {2022},
	institution  = {NVIDIA},
	url          = {https://images.nvidia.com/aem-dam/Solutions/geforce/ada/ada-lovelace-architecture/nvidia-ada-gpu-science.pdf}
}
